@article{evans2007penetration,
  title={Penetration of flexural waves through a periodically constrained thin elastic plate in vacuo and floating on water},
  author={Evans, DV and Porter, R},
  journal={Journal of Engineering Mathematics},
  volume={58},
  number={1-4},
  pages={317--337},
  year={2007},
  publisher={Springer}
}

@book{hayek2010,
  title={Advanced mathematical methods in science and engineering},
  author={Hayek, Sabih I},
  pages={484--485},
  year={2010},
  publisher={CRC Press}
}

@article{brazier1991,
  title={On the determination of the roots of dispersion equations by use of winding number integrals},
  author={Brazier-Smith, PR and Scott, JFM},
  journal={Journal of Sound and Vibration},
  volume={145},
  number={3},
  pages={503--510},
  year={1991},
  publisher={Academic Press}
}

@article{delves1967numerical,
  title={A numerical method for locating the zeros of an analytic function},
  author={Delves, LM and Lyness, JN},
  journal={Mathematics of computation},
  volume={21},
  number={100},
  pages={543--560},
  year={1967},
  publisher={JSTOR}
}